<record><leader>00000cas a2200000 a 4500</leader><controlfield tag="001">11401067</controlfield><controlfield tag="008">841119d18901978ksuwr ne      0   a0eng d</controlfield><datafield ind1=" " ind2=" " tag="010"><subfield code="a">sn 84029906 </subfield></datafield><datafield ind1=" " ind2=" " tag="040"><subfield code="a">KSH</subfield><subfield code="b">eng</subfield><subfield code="c">KSH</subfield><subfield code="d">NPT</subfield><subfield code="d">OCL</subfield><subfield code="d">OCLCQ</subfield></datafield><datafield ind1=" " ind2=" " tag="042"><subfield code="a">msc</subfield></datafield><datafield ind1="0" ind2="0" tag="245"><subfield code="a">Wellsville globe.</subfield></datafield><datafield ind1="1" ind2="3" tag="246"><subfield code="a">Weekly globe</subfield><subfield code="f">Nov. 12, 1897-Nov. 18, 1898</subfield></datafield><datafield ind1=" " ind2=" " tag="260"><subfield code="a">Wellsville, Kan. :</subfield><subfield code="b">Rice Bros.,</subfield><subfield code="c">1890-1978.</subfield></datafield><datafield ind1=" " ind2=" " tag="300"><subfield code="a">88 v. :</subfield><subfield code="b">ill. ;</subfield><subfield code="c">41-60 cm.</subfield></datafield><datafield ind1=" " ind2=" " tag="310"><subfield code="a">Weekly</subfield></datafield><datafield ind1="0" ind2=" " tag="362"><subfield code="a">Vol. 1, no. 1 (Sept. 11, 1890)-v. 88, issue 7 (Oct. 26, 1978).</subfield></datafield><datafield ind1=" " ind2=" " tag="500"><subfield code="a">Publisher varies.</subfield></datafield><datafield ind1=" " ind2=" " tag="525"><subfield code="a">Has occasional supplements.</subfield></datafield><datafield ind1=" " ind2=" " tag="752"><subfield code="a">United States</subfield><subfield code="b">Kansas</subfield><subfield code="c">Franklin</subfield><subfield code="d">Wellsville.</subfield></datafield><datafield ind1="0" ind2="0" tag="785"><subfield code="t">Tele-news (Baldwin City, Kan. : Wellsville globe ed.)</subfield><subfield code="w">(DLC)sn 84030091</subfield></datafield></record>